<?xml version="1.0" encoding="UTF-8"?><collection xmlns="http://www.loc.gov/MARC21/slim"><record><leader>00582nam--2200193-i-4500</leader><controlfield tag="001">000026177</controlfield><controlfield tag="002">20161230</controlfield><controlfield tag="005">20161230201036</controlfield><controlfield tag="008">060222s1000------------r-----000-0-eng-d</controlfield><datafield ind1=" " ind2=" " tag="040"><subfield code="a">IFIN-HH</subfield></datafield><datafield ind1=" " ind2=" " tag="080"><subfield code="a">512:519.2</subfield></datafield><datafield ind1="1" ind2=" " tag="100"><subfield code="a">Kappos, Demetrios A</subfield></datafield><datafield ind1="1" ind2="0" tag="245"><subfield code="a">Probability algebras and stochastic spaces</subfield><subfield code="c">Demetrios A. Kappos</subfield></datafield><datafield ind1=" " ind2=" " tag="260"><subfield code="a">New York, Academic Press, 1969</subfield></datafield><datafield ind1=" " ind2=" " tag="300"><subfield code="a">X + 267P</subfield></datafield><datafield ind1=" " ind2=" " tag="490"><subfield code="a">Probability And Mathematical Statistics. A Series Of Monographs And Textbooks</subfield></datafield><datafield ind1=" " ind2=" " tag="650"><subfield code="a">Stochastic spaces</subfield></datafield><datafield ind1=" " ind2=" " tag="852"><subfield code="a">34259</subfield><subfield code="c">519.2</subfield></datafield><datafield ind1=" " ind2=" " tag="CAT"><subfield code="a">Sys</subfield><subfield code="c">20100525</subfield><subfield code="h">130016</subfield></datafield></record></collection>